<record><leader>00000cas a22000007a 4500</leader><controlfield tag="001">18699148</controlfield><controlfield tag="008">881102d19641973pauwr ne      0    0eng d</controlfield><datafield ind1=" " ind2=" " tag="010"><subfield code="a">sn 89077053 </subfield></datafield><datafield ind1=" " ind2=" " tag="040"><subfield code="a">NPH</subfield><subfield code="b">eng</subfield><subfield code="c">NPH</subfield><subfield code="d">OCLCQ</subfield></datafield><datafield ind1=" " ind2=" " tag="042"><subfield code="a">msc</subfield></datafield><datafield ind1="0" ind2=" " tag="130"><subfield code="a">Herndon news (Herndon, Pa. : 1964)</subfield></datafield><datafield ind1="1" ind2="4" tag="245"><subfield code="a">The Herndon news.</subfield></datafield><datafield ind1=" " ind2=" " tag="260"><subfield code="a">Valley View, Pa. :</subfield><subfield code="b">Valley Citizen Co.,</subfield><subfield code="c">1964-</subfield></datafield><datafield ind1=" " ind2=" " tag="300"><subfield code="a">v. :</subfield><subfield code="b">ill.</subfield></datafield><datafield ind1=" " ind2=" " tag="310"><subfield code="a">Weekly</subfield></datafield><datafield ind1="0" ind2=" " tag="362"><subfield code="a">Vol. 56, no. 18 (Apr. 15, 1964)-</subfield></datafield><datafield ind1="1" ind2=" " tag="362"><subfield code="a">Ceased in 1973.</subfield></datafield><datafield ind1=" " ind2=" " tag="752"><subfield code="a">United States</subfield><subfield code="b">Pennsylvania</subfield><subfield code="c">Northumberland</subfield><subfield code="d">Valley View.</subfield></datafield><datafield ind1=" " ind2=" " tag="752"><subfield code="a">United States</subfield><subfield code="b">Pennsylvania</subfield><subfield code="c">Northumberland</subfield><subfield code="d">Herndon.</subfield></datafield><datafield ind1="0" ind2="0" tag="780"><subfield code="t">Herndon news. Consolidated with the Herndon star</subfield><subfield code="w">(DLC)sn 86081192</subfield></datafield><datafield ind1="0" ind2="7" tag="785"><subfield code="t">Valley citizen (Valley View, Pa. : 1929)</subfield><subfield code="w">(DLC)sn 89077055</subfield></datafield><datafield ind1="0" ind2="7" tag="785"><subfield code="t">Valley citizen &amp; Herndon news</subfield><subfield code="w">(DLC)sn 89077595</subfield></datafield></record>